@inproceedings{langley00,
 author    = {P. Langley},
 title     = {Crafting Papers on Machine Learning},
 year      = {2000},
 pages     = {1207--1216},
 editor    = {Pat Langley},
 booktitle     = {Proceedings of the 17th International Conference
              on Machine Learning (ICML 2000)},
 address   = {Stanford, CA},
 publisher = {Morgan Kaufmann}
}

@TechReport{mitchell80,
  author = 	 "T. M. Mitchell",
  title = 	 "The Need for Biases in Learning Generalizations",
  institution =  "Computer Science Department, Rutgers University",
  year = 	 "1980",
  address =	 "New Brunswick, MA",
}

@phdthesis{kearns89,
  author = {M. J. Kearns},
  title =  {Computational Complexity of Machine Learning},
  school = {Department of Computer Science, Harvard University},
  year =   {1989}
}

@Book{MachineLearningI,
  editor = 	 "R. S. Michalski and J. G. Carbonell and T.
		  M. Mitchell",
  title = 	 "Machine Learning: An Artificial Intelligence
		  Approach, Vol. I",
  publisher = 	 "Tioga",
  year = 	 "1983",
  address =	 "Palo Alto, CA"
}

@Book{DudaHart2nd,
  author =       "R. O. Duda and P. E. Hart and D. G. Stork",
  title =        "Pattern Classification",
  publisher =    "John Wiley and Sons",
  edition =      "2nd",
  year =         "2000"
}

@misc{anonymous,
  title= {Suppressed for Anonymity},
  author= {Author, N. N.},
  year= {2018}
}

@InCollection{Newell81,
  author =       "A. Newell and P. S. Rosenbloom",
  title =        "Mechanisms of Skill Acquisition and the Law of
                  Practice", 
  booktitle =    "Cognitive Skills and Their Acquisition",
  pages =        "1--51",
  publisher =    "Lawrence Erlbaum Associates, Inc.",
  year =         "1981",
  editor =       "J. R. Anderson",
  chapter =      "1",
  address =      "Hillsdale, NJ"
}


@Article{Samuel59,
  author = 	 "A. L. Samuel",
  title = 	 "Some Studies in Machine Learning Using the Game of
		  Checkers",
  journal =	 "IBM Journal of Research and Development",
  year =	 "1959",
  volume =	 "3",
  number =	 "3",
  pages =	 "211--229"
}

@book{rieffel2014quantum,
 author = {Rieffel, Eleanor and Polak, Wolfgang},
 title = {Quantum Computing: A Gentle Introduction},
 year = {2011},
 isbn = {9780262015066},
 edition = {1st},
 publisher = {The MIT Press},
}

@article{deutsch1992rapid,
  title={Rapid solution of problems by quantum computation},
  author={Deutsch, David and Jozsa, Richard},
  journal={Proceedings of the Royal Society of London. Series A: Mathematical and Physical Sciences},
  volume={439},
  number={1907},
  pages={553--558},
  year={1992},
  publisher={The Royal Society London}
}

@article{Trugenberger_2001,
   title={Probabilistic Quantum Memories},
   volume={87},
   ISSN={1079-7114},
   url={http://dx.doi.org/10.1103/PhysRevLett.87.067901},
   DOI={10.1103/physrevlett.87.067901},
   number={6},
   journal={Physical Review Letters},
   publisher={American Physical Society (APS)},
   author={Trugenberger, C. A.},
   year={2001},
   month={Jul}
}

@article{benatti2003deciding,
  title={On deciding whether a Boolean function is constant or not},
  author={Benatti, Fabio and Marinatto, Luca},
  journal={International Journal of Quantum Information},
  volume={1},
  number={02},
  pages={237--246},
  year={2003},
  publisher={World Scientific}
}

@book{yanofsky2008quantum, place={Cambridge}, title={Quantum Computing for Computer Scientists}, DOI={10.1017/CBO9780511813887}, publisher={Cambridge University Press}, author={Yanofsky, Noson S. and Mannucci, Mirco A.}, year={2008}}

@misc{russon_2017, title={Computacao quantica: como sera a internet super-rapida do futuro - BBC News Brasil}, url={https://www.bbc.com/portuguese/geral-41697094}, journal={BBC News}, publisher={BBC}, author={Russon, Mary-Ann}, year={2017}, month={Oct}}

@inproceedings{japkowicz2006question,
  title={Why question machine learning evaluation methods},
  author={Japkowicz, Nathalie},
  booktitle={AAAI workshop on evaluation methods for machine learning},
  pages={6--11},
  year={2006}
}

@article{bottou2018optimization,
  title={Optimization methods for large-scale machine learning},
  author={Bottou, L{\'e}on and Curtis, Frank E and Nocedal, Jorge},
  journal={Siam Review},
  volume={60},
  number={2},
  pages={223--311},
  year={2018},
  publisher={SIAM}
}


@misc{nielsen2002quantum,
  title={Quantum computation and quantum information},
  author={Nielsen, Michael A and Chuang, Isaac},
  year={2002},
  publisher={AAPT}
}

@book{jolliffe2011principal,
  title={Principal component analysis},
  author={Jolliffe, Ian},
  year={2011},
  publisher={Springer}
}

@inproceedings{chen2012classifier,
  title={Classifier cascade for minimizing feature evaluation cost},
  author={Chen, Minmin and Xu, Zhixiang and Weinberger, Kilian and Chapelle, Olivier and Kedem, Dor},
  booktitle={Artificial Intelligence and Statistics},
  pages={218--226},
  year={2012}
}

@misc{Dua:2019,
author={Dua, Dheeru and Graff, Casey,},
year={2017},
title={{UCI} Machine Learning Repository},
url = {http://archive.ics.uci.edu/ml},
institution = {University of California, Irvine, School of Information and Computer Sciences}}

@misc{community_2019, title={numpy.equal},
url={https://docs.scipy.org/doc/numpy/reference/generated/numpy.equal.html},
journal={numpy.equal - NumPy v1.17 Manual},
author={Community, The Scipy}, year={2019}, month={Jul}}

@article{chawla2002smote,
  title={SMOTE: synthetic minority over-sampling technique},
  author={Chawla, Nitesh V and Bowyer, Kevin W and Hall, Lawrence O and Kegelmeyer, W Philip},
  journal={Journal of artificial intelligence research},
  volume={16},
  pages={321--357},
  year={2002}
}

@inproceedings{fawaz2019training,
  title={Training and Meta-Training Binary Neural Networks with Quantum Computing},
  author={Fawaz, Abdulah and Klein, Paul and Piat, Sebastien and Severini, Simone and Mountney, Peter},
  booktitle={Proceedings of the 25th ACM SIGKDD International Conference on Knowledge Discovery \& Data Mining},
  pages={1674--1681},
  year={2019},
  organization={ACM}
}

@misc{ Qiskit,
       author = {Abdón Rodríguez Davila and Abigail J. Cross and Adenilton Silva et al},
       title = {Qiskit: the Quantum Information Science Kit},
       year = {2019},
}

@misc{QiskitAqua,
  author ={H{\'e}ctor Abraham and Ismail Yunus Akhalwaya and Gadi Aleksandrowicz et al.},
  title = {Qiskit: An Open-source Framework for Quantum Computing.},
  year = {2019},
}
